@article{mucientes2006multiple,
  title={Multiple hypothesis tracking of clusters of people},
  author={Mucientes, Manuel and Burgard, Wolfram},
  journal={2006 IEEE/RSJ International Conference on Intelligent Robots and Systems},
  pages={692--697},
  year={2006},
  publisher={IEEE}
}

@article{sural2002segmentation,
  title={Segmentation and histogram generation using the HSV color space for image retrieval},
  author={Sural, Shamik and Qian, Gang and Pramanik, Sakti},
  journal={Proceedings. International Conference on Image Processing},
  volume={2},
  pages={II--II},
  year={2002},
  publisher={IEEE}
}

@book{foley1982fundamentals,
  title={Fundamentals of interactive computer graphics},
  author={Foley, James D and Van Dam, Andries and others},
  volume={2},
  year={1982},
  publisher={Addison-Wesley Reading, MA}
}

@article{dalal2005histograms,
  title={Histograms of oriented gradients for human detection},
  author={Dalal, Navneet and Triggs, Bill},
  journal={international Conference on computer vision \& Pattern Recognition (CVPR'05)},
  volume={1},
  pages={886--893},
  year={2005},
  publisher={IEEE Computer Society}
}

@article{ojala1994performance,
  title={Performance evaluation of texture measures with classification based on Kullback discrimination of distributions},
  author={Ojala, Timo and Pietikainen, Matti and Harwood, David},
  journal={Proceedings of 12th International Conference on Pattern Recognition},
  volume={1},
  pages={582--585},
  year={1994},
  publisher={IEEE}
}

@article{ojala2002multiresolution,
  title={Multiresolution gray-scale and rotation invariant texture classification with local binary patterns},
  author={Ojala, Timo and Pietik{\"a}inen, Matti and M{\"a}enp{\"a}{\"a}, Topi},
  journal={IEEE Transactions on Pattern Analysis \& Machine Intelligence},
  number={7},
  pages={971--987},
  year={2002},
  publisher={IEEE}
}

@article{lowe2004distinctive,
  title={Distinctive image features from scale-invariant keypoints},
  author={Lowe, David G},
  journal={International journal of computer vision},
  volume={60},
  number={2},
  pages={91--110},
  year={2004},
  publisher={Springer}
}

@article{arulampalam2002tutorial,
  title={A tutorial on particle filters for online nonlinear/non-Gaussian Bayesian tracking},
  author={Arulampalam, M Sanjeev and Maskell, Simon and Gordon, Neil and Clapp, Tim},
  journal={IEEE Transactions on signal processing},
  volume={50},
  number={2},
  pages={174--188},
  year={2002},
  publisher={Ieee}
}

@article{welch1995introduction,
  title={An introduction to the Kalman filter},
  author={Welch, Greg and Bishop, Gary and others},
  year={1995}
}

@article{henriques2015high,
  title={High-speed tracking with kernelized correlation filters},
  author={Henriques, Jo{\~a}o F and Caseiro, Rui and Martins, Pedro and Batista, Jorge},
  journal={IEEE transactions on pattern analysis and machine intelligence},
  volume={37},
  number={3},
  pages={583--596},
  year={2015},
  publisher={IEEE}
}

@article{babenko2009visual,
  title={Visual tracking with online multiple instance learning},
  author={Babenko, Boris and Yang, Ming-Hsuan and Belongie, Serge},
  journal={2009 IEEE Conference on Computer Vision and Pattern Recognition},
  pages={983--990},
  year={2009},
  publisher={IEEE}
}

@article{lukezic2017discriminative,
  title={Discriminative correlation filter with channel and spatial reliability},
  author={Lukezic, Alan and Vojir, Tomas and Ë‡Cehovin Zajc, Luka and Matas, Jiri and Kristan, Matej},
  journal={Proceedings of the IEEE Conference on Computer Vision and Pattern Recognition},
  pages={6309--6318},
  year={2017}
}

@article{newcombe2011kinectfusion,
  title={Kinectfusion: Real-time dense surface mapping and tracking.},
  author={Newcombe, Richard A and Izadi, Shahram and Hilliges, Otmar and Molyneaux, David and Kim, David and Davison, Andrew J and Kohli, Pushmeet and Shotton, Jamie and Hodges, Steve and Fitzgibbon, Andrew W},
  journal={ISMAR},
  volume={11},
  number={2011},
  pages={127--136},
  year={2011}
}

@article{grisetti2007improved,
  title={Improved techniques for grid mapping with rao-blackwellized particle filters},
  author={Grisetti, Giorgio and Stachniss, Cyrill and Burgard, Wolfram and others},
  journal={IEEE transactions on Robotics},
  volume={23},
  number={1},
  pages={34},
  year={2007}
}

@article{hess2016real,
  title={Real-time loop closure in 2D LIDAR SLAM},
  author={Hess, Wolfgang and Kohler, Damon and Rapp, Holger and Andor, Daniel},
  journal={2016 IEEE International Conference on Robotics and Automation (ICRA)},
  pages={1271--1278},
  year={2016},
  publisher={IEEE}
}

@article{borenstein1991vector,
  title={The vector field histogram-fast obstacle avoidance for mobile robots},
  author={Borenstein, Johann and Koren, Yoram},
  journal={IEEE transactions on robotics and automation},
  volume={7},
  number={3},
  pages={278--288},
  year={1991},
  publisher={IEEE}
}

@article{gerkey2008planning,
  title={Planning and control in unstructured terrain},
  author={Gerkey, Brian P and Konolige, Kurt},
  journal={ICRA Workshop on Path Planning on Costmaps},
  year={2008}
}

@article{fox1997dynamic,
  title={The dynamic window approach to collision avoidance},
  author={Fox, Dieter and Burgard, Wolfram and Thrun, Sebastian},
  journal={IEEE Robotics \& Automation Magazine},
  volume={4},
  number={1},
  pages={23--33},
  year={1997},
  publisher={IEEE}
}

@article{bradski1998computer,
  title={Computer vision face tracking for use in a perceptual user interface},
  author={Bradski, Gary R},
  year={1998},
  publisher={Citeseer}
}

@article{held2016learning,
  title={Learning to Track at 100 FPS with Deep Regression Networks},
  author={Held, David and Thrun, Sebastian and Savarese, Silvio},
  journal = {European Conference Computer Vision (ECCV)},
  year      = {2016}
}

@article{kalal2012tracking,
  title={Tracking-learning-detection},
  author={Kalal, Zdenek and Mikolajczyk, Krystian and Matas, Jiri},
  journal={IEEE transactions on pattern analysis and machine intelligence},
  volume={34},
  number={7},
  pages={1409--1422},
  year={2012},
  publisher={IEEE}
}

@article{zhou2009object,
  title={Object tracking using SIFT features and mean shift},
  author={Zhou, Huiyu and Yuan, Yuan and Shi, Chunmei},
  journal={Computer vision and image understanding},
  volume={113},
  number={3},
  pages={345--352},
  year={2009},
  publisher={Elsevier}
}

@article{treptow2006real,
  title={Real-time people tracking for mobile robots using thermal vision},
  author={Treptow, Andre and Cielniak, Grzegorz and Duckett, Tom},
  journal={Robotics and Autonomous Systems},
  volume={54},
  number={9},
  pages={729--739},
  year={2006},
  publisher={Elsevier}
}

@article{arras2008efficient,
  title={Efficient people tracking in laser range data using a multi-hypothesis leg-tracker with adaptive occlusion probabilities},
  author={Arras, Kai O and Grzonka, Slawomir and Luber, Matthias and Burgard, Wolfram},
  journal={2008 IEEE International Conference on Robotics and Automation},
  pages={1710--1715},
  year={2008},
  publisher={IEEE}
}

@article{kleinehagenbrock2002person,
  title={Person tracking with a mobile robot based on multi-modal anchoring},
  author={Kleinehagenbrock, Marcus and Lang, Sebastian and Fritsch, Jannik and Lomker, F and Fink, Gernot A and Sagerer, Gerhard},
  journal={Proceedings. 11th IEEE International Workshop on Robot and Human Interactive Communication},
  pages={423--429},
  year={2002},
  publisher={IEEE}
}

@article{bellotto2008multisensor,
  title={Multisensor-based human detection and tracking for mobile service robots},
  author={Bellotto, Nicola and Hu, Huosheng},
  journal={IEEE Transactions on Systems, Man, and Cybernetics, Part B (Cybernetics)},
  volume={39},
  number={1},
  pages={167--181},
  year={2008},
  publisher={IEEE}
}

@inproceedings{wong1995mobile,
  title={A mobile robot that recognizes people},
  author={Wong, Carol and Kortenkamp, David and Speich, Mark},
  booktitle={Proceedings of 7th IEEE international conference on tools with artificial intelligence},
  pages={346--353},
  year={1995},
  organization={IEEE}
}

@article{zhou2008target,
  title={Target detection and tracking with heterogeneous sensors},
  author={Zhou, Huiyu and Taj, Murtaza and Cavallaro, Andrea},
  journal={IEEE Journal of Selected Topics in Signal Processing},
  volume={2},
  number={4},
  pages={503--513},
  year={2008},
  publisher={IEEE}
}

@article{bellotto2008multimodal,
  title={Multimodal people tracking and identification for service robots},
  author={Bellotto, Nicola and Hu, Huosheng},
  journal={International Journal of Information Acquisition},
  volume={5},
  number={03},
  pages={209--221},
  year={2008},
  publisher={World Scientific}
}

@article{alvarez2012feature,
  title={Feature analysis for human recognition and discrimination: Application to a person-following behaviour in a mobile robot},
  author={Alvarez-Santos, V{\'\i}ctor and Pardo, Xos{\'e} M and Iglesias, Roberto and Canedo-Rodriguez, Adri{\'a}n and Regueiro, Carlos V},
  journal={Robotics and autonomous systems},
  volume={60},
  number={8},
  pages={1021--1036},
  year={2012},
  publisher={Elsevier}
}

@article{koide2016identification,
  title={Identification of a specific person using color, height, and gait features for a person following robot},
  author={Koide, Kenji and Miura, Jun},
  journal={Robotics and Autonomous Systems},
  volume={84},
  pages={76--87},
  year={2016},
  publisher={Elsevier}
}

@article{noceti2009combined,
  title={Combined motion and appearance models for robust object tracking in real-time},
  author={Noceti, Nicoletta and Destrero, Augusto and Lovato, Alberto and Odone, Francesca},
  journal={2009 Sixth IEEE International Conference on Advanced Video and Signal Based Surveillance},
  pages={412--417},
  year={2009},
  publisher={IEEE}
}

@inproceedings{berdugo2010object,
  title={Object reidentification in real world scenarios across multiple non-overlapping cameras},
  author={Berdugo, Guy and Soceanu, Omri and Moshe, Yair and Rudoy, Dmitry and Dvir, Itsik},
  booktitle={2010 18th European Signal Processing Conference},
  pages={1806--1810},
  year={2010},
  organization={IEEE}
}

@inproceedings{cruz2008real,
  title={Real-time face recognition for human-robot interaction},
  author={Cruz, Claudia and Sucar, L Enrique and Morales, Eduardo F},
  booktitle={2008 8th IEEE International Conference on Automatic Face \& Gesture Recognition},
  pages={1--6},
  year={2008},
  organization={IEEE}
}

@inproceedings{mowbray2003automatic,
  title={Automatic gait recognition via fourier descriptors of deformable objects},
  author={Mowbray, Stuart D and Nixon, Mark S},
  booktitle={International Conference on Audio-and Video-Based Biometric Person Authentication},
  pages={566--573},
  year={2003},
  organization={Springer}
}

@inproceedings{munaro2014feature,
  title={A feature-based approach to people re-identification using skeleton keypoints},
  author={Munaro, Matteo and Ghidoni, Stefano and Dizmen, Deniz Tartaro and Menegatti, Emanuele},
  booktitle={2014 IEEE International Conference on Robotics and Automation (ICRA)},
  pages={5644--5651},
  year={2014},
  organization={IEEE}
}

@article{susperregi2013rgb,
  title={RGB-D, laser and thermal sensor fusion for people following in a mobile robot},
  author={Susperregi, Loreto and Mart{\'\i}nez-Otzeta, Jose Maria and Ansuategui, Ander and Ibarguren, Aitor and Sierra, Basilio},
  journal={International Journal of Advanced Robotic Systems},
  volume={10},
  number={6},
  pages={271},
  year={2013},
  publisher={SAGE Publications Sage UK: London, England}
}

@inproceedings{eisenbach2015user,
  title={User recognition for guiding and following people with a mobile robot in a clinical environment},
  author={Eisenbach, Markus and Vorndran, Alexander and Sorge, Sven and Gross, Horst-Michael},
  booktitle={2015 IEEE/RSJ International Conference on Intelligent Robots and Systems (IROS)},
  pages={3600--3607},
  year={2015},
  organization={IEEE}
}

@article{cao2018openpose,
  author = {Zhe Cao and Gines Hidalgo and Tomas Simon and Shih-En Wei and Yaser Sheikh},
  journal = {arXiv preprint arXiv:1812.08008},
  title = {Open{P}ose: realtime multi-person 2{D} pose estimation using {P}art {A}ffinity {F}ields},
  year = {2018}
}

@inproceedings{grabner2006real,
  title={Real-time tracking via on-line boosting.},
  author={Grabner, Helmut and Grabner, Michael and Bischof, Horst},
  booktitle={Bmvc},
  volume={1},
  number={5},
  pages={6},
  year={2006}
}

@article{liu2017wrighteagle,
  title={Wrighteagle@ home 2017 team description paper},
  author={Liu, Jiangchuan and Zhang, Zekun and Tang, Bing and Chen, Xiaoping},
  journal={RoboCup@ Home},
  year={2017}
}